<?xml version="1.0" encoding="UTF-8"?><collection xmlns="http://www.loc.gov/MARC21/slim"><record><leader>00320nam--2200121-i-4500</leader><controlfield tag="001">000049439</controlfield><controlfield tag="002">20161230</controlfield><controlfield tag="005">20161230201047</controlfield><controlfield tag="008">060222s1000------------r-----000-0-eng-d</controlfield><datafield ind1=" " ind2=" " tag="080"><subfield code="a">620.193</subfield></datafield><datafield ind1=" " ind2=" " tag="245"><subfield code="a">Procese care au loc la coroziunea produselor tratate termic</subfield></datafield><datafield ind1=" " ind2=" " tag="260"><subfield code="a">Bucuresti, Oid-sid 82, 1988, 77p</subfield></datafield><datafield ind1=" " ind2=" " tag="852"><subfield code="a">78678</subfield></datafield></record></collection>